%% This BibTeX bibliography file was created using BibDesk.
%% http://bibdesk.sourceforge.net/


%% Created for Chen, Richard Li-Yang at 2014-12-26 14:25:57 -0800 


%% Saved with string encoding Unicode (UTF-8) 



@article{Israeli,
	Author = {E. Israeli and K. Wood},
	Date-Added = {2014-12-26 22:23:55 +0000},
	Date-Modified = {2014-12-26 22:25:00 +0000},
	Journal = {Networks},
	Number = {2},
	Pages = {97--111},
	Title = {Shortest-Path Network Interdiction},
	Volume = {40},
	Year = {2002},
	Bdsk-File-1 = {YnBsaXN0MDDUAQIDBAUGJCVYJHZlcnNpb25YJG9iamVjdHNZJGFyY2hpdmVyVCR0b3ASAAGGoKgHCBMUFRYaIVUkbnVsbNMJCgsMDxJXTlMua2V5c1pOUy5vYmplY3RzViRjbGFzc6INDoACgAOiEBGABIAFgAdccmVsYXRpdmVQYXRoWWFsaWFzRGF0YV8QMS4uLy4uLy4uLy4uL0Rlc2t0b3AvU2hvcnRlc3RQYXRoTmV0SW50ZXIgY29weS5wZGbSFwsYGVdOUy5kYXRhTxEBtAAAAAABtAACAAAMTWFjaW50b3NoIEhEAAAAAAAAAAAAAAAAAAAAzWy6VkgrAAAADdFbHVNob3J0ZXN0UGF0aE5ldEludGVyIGNvcHkucGRmAAAAAAAAAAAAAAAAAAAAAAAAAAAAAAAAAAAAAAAAAAAAAATaYFLQwyBaAAAAAAAAAAAABAACAAAJIAAAAAAAAAAAAAAAAAAAAAdEZXNrdG9wAAAQAAgAAM1tHMYAAAARAAgAANDDkNoAAAABAAwADdFbAA3Q3gACEaoAAgBCTWFjaW50b3NoIEhEOlVzZXJzOgBybGNoZW46AERlc2t0b3A6AFNob3J0ZXN0UGF0aE5ldEludGVyIGNvcHkucGRmAA4APAAdAFMAaABvAHIAdABlAHMAdABQAGEAdABoAE4AZQB0AEkAbgB0AGUAcgAgAGMAbwBwAHkALgBwAGQAZgAPABoADABNAGEAYwBpAG4AdABvAHMAaAAgAEgARAASADJVc2Vycy9ybGNoZW4vRGVza3RvcC9TaG9ydGVzdFBhdGhOZXRJbnRlciBjb3B5LnBkZgATAAEvAAAVAAIADf//AACABtIbHB0eWiRjbGFzc25hbWVYJGNsYXNzZXNdTlNNdXRhYmxlRGF0YaMdHyBWTlNEYXRhWE5TT2JqZWN00hscIiNcTlNEaWN0aW9uYXJ5oiIgXxAPTlNLZXllZEFyY2hpdmVy0SYnVHJvb3SAAQAIABEAGgAjAC0AMgA3AEAARgBNAFUAYABnAGoAbABuAHEAcwB1AHcAhACOAMIAxwDPAocCiQKOApkCogKwArQCuwLEAskC1gLZAusC7gLzAAAAAAAAAgEAAAAAAAAAKAAAAAAAAAAAAAAAAAAAAvU=}}

@inproceedings{FerrisEtAl08,
	Author = {Michael C. Ferris and Steven P. Dirkse and Jan Jagla and Alexander Meeraus},
	Booktitle = {Proceedings of the Fifth International Conference on Foundations of Computer-Aided Process Operations (FOCAPO 2008)},
	Editor = {M. Ierapetriou and M. Bassett and S. Pistikopoulos},
	Journal = {TBD},
	Publisher = {Omni Press},
	Title = {Extending modeling systems: Structure and Solution},
	Year = {2008}}

@book{Bard98,
	Address = {Dordrecht},
	Author = {John F. Bard},
	Publisher = {Kluwer Academic Publishers},
	Title = {Practical bilevel optimization: Algorithms and applications},
	Year = 1998}

@article{ForMcC81,
    author="Fortuny-Amat, Jos\'{e} and McCarl, Bruce",
    title="A representation and economic interpretation of a two-level programming problem",
    journal="The Journal of the Operations Research Society",
    volume=32,
    number=9,
    pages="783-792",
    year=1981
}
@article{ColMarSav07,
    author={Beno\^{i}it, Colson and Marcotte, Patrice and Savard, Gilles},
    title="An overview of bilevel optimization",
    journal="Ann Oper Res",
    year=2007,
    volume=153,
    pages="235-256"
}
@article{ZhaLuMonZen10,
    author="Zhang, Guangquan and Lu, Jie and Montero, Javier and Zeng, Yi",
    title="Model, solution concept and {K}th-best algorithm for linear trilevel programming",
    journal="Information Sciences",
    year=2010,
    volume=180,
    pages="481-492"
}
