@inproceedings{fedora-oss,
    author="Prasanth Anbalagan and Mladen Vouk",
    title="On Reliability Analysis of Open Source Software - {FEDORA}",
    booktitle="19th International Symposium on Software Reliability Engineering",
    year="2008"
}

@article{oss-reliabilitymodel,
    author="Ying Zhou and Joseph Davis",
    title="Open Source Software Reliability Model: An Empirical Approach",
    journal="{ACM} {SIGSOFT} Software Engineering Notes",
    volume={30},
    issue={4},
    pages={1--6},
    year={2005}
}

@article{OS,
    author="Robert Fourer and Jun Ma and Kipp Martin",
    title="Optimization Services: A framework for distributed optimization",
    journal="Mathematical Programming",
    note="(submitted)",
    year=2008
}

@article{AMPLArticle,
    Author="Fourer, Robert and Gay, David M. and Kernighan, Brian W.",
    title="{AMPL}: A Mathematical Programming Language",
    journal="Management Science",
    volume="36",
    pages={519--554},
    year={1990}
}

@techreport{DAKOTA,
  author =       "Michael Scott Eldred and Shane L. Brown and Danny M. Dunlavy and David M. Gay and Laura P. Swiler and Anthony Andrew Giunta and
                William E. Hart and Jean-Paul Watson and John P. Eddy and Josh D. Griffin and Patty D. Hough and Tammy G. Kolda and Monica L. Martinez-Canales and Pamela J. Williams",
  title="{DAKOTA}, a multilevel parallel object-oriented framework for design
optimization, parameter estimation, uncertainty quantification, and sensitivity
analysis: Version 4.0 users manual",
  institution="Sandia National Laboratories",
  year=2006,
  number="SAND2006-6337",
  funding={LDRD,LMSV}
}

@inproceedings{Hul02,
  author="Hultberg, Tim",
  title="Formulation of Linear Optimization Problems in C++",
  editor="Nielsen, Soeren S.",
  booktitle="Programming Languages and Systems in Computational Economics and Finance",
  publisher="Kluwer Academic Press",
  year=2002
}

@misc{PythonVSJava,
    key="PythonVSJava",
  title="Python \& {J}ava: A side-by-side comparison",
  howpublished="\url{http://www.ferg.org/projects/python_java_side-by-side.html}",
  year=2008
}

@misc{YAML,
    key="YAML",
  title="The Official {YAML} Web Site",
  howpublished="\url{http://yaml.org/}",
  year=2009
}

@misc{PyPI,
    key="PyPI",
  title="Python Package Index",
  howpublished="\url{http://pypi.python.org/pypi}",
  year=2009
}

@misc{flopcpp,
    key="FLOPC++",
  title="{FLOPC++} Home Page",
  howpublished="\url{https://projects.coin-or.org/FlopC++}",
  year=2008
}

@misc{pyro,
  key="PYRO",
  title="{PYRO}: Python Remote Objects",
  howpublished="\url{http://pyro.sourceforge.net}",
  year=2009
}

@misc{Python,
    key="Python",
    title="Python Programming Language -- Official Website",
    howpublished="\url{http://python.org}",
    year=2009
}

@misc{Psyco,
    key="Psyco",
  title="Psyco",
  howpublished="\url{http://psyco.sourceforge.net/}",
  year=2008
}

@book{Kal04,
  author="Kallrath, Josef",
  title="Modeling Languages in Mathematical Optimization",
  publisher="Kluwer Academic Publishers",
  year=2004
}

@book{Aks98,
  author="Aksen, Deniz",
  title="Teach yourself {GAMS}",
  publisher="Bogzici University Press",
  address="Istanbul, Turkey",
  year=1998
}

@misc{GAMS,
    key="GAMS",
  title="{GAMS} Home Page",
  howpublished="\url{http://www.gams.com}",
  year=2008
}

@misc{OPL,
    key="OPL",
  title="{OPL} Home Page",
  howpublished="\url{http://www.ilog.com/products/oplstudio}",
  year=2008
}

@misc{LINDO,
    key="LINDO",
  title="{LINDO} Home Page",
  howpublished="\url{http://www.lindo.com}",
  year=2008
}

@misc{AMPL,
    key="AMPL",
  title="{AMPL} Home Page",
  howpublished="\url{http://www.ampl.com/}",
  year=2008
}

@misc{BSD,
    key="BSD",
    title="{O}pen {S}ource {I}nitiative ({OSI}) - The {BSD} License",
    howpublished="\url{http://www.opensource.org/licenses/bsd-license.php}",
    year=2009
}

@misc{GPL,
    key="GPL",
    title="{GNU} General Public License",
    howpublished="\url{http://www.gnu.org/licenses/gpl.html}",
    year=2009
}

@book{FouGay03,
  author="Fourer, R. and Gay, D. M. and Kernighan, B. W.",
  title="{AMPL}: A Modeling Language for Mathematical Programming, 2nd Ed.",
  address="Pacific Grove, CA",
  publisher="Brooks/Cole--Thomson Learning",
  year=2003
}

@book{AIMMSUser,
  author="Marcel Roelofs and Johannes Bisschop",
  title="{AIMMS} 3.9 -- The User's Guide",
  publisher="lulu.com",
  year=2009
}

@misc{OptimJ,
    key="OptimJ",
  title="Ateji Home Page",
  howpublished="\url{http://www.ateji.com}",
  year=2008
}

@misc{AIMMS,
    key="AIMMS",
  title="{AIMMS} Home Page",
  howpublished="\url{http://www.aimms.com}",
  year=2008
}

@misc{COINOR,
    key="COINOR",
  title="{COIN-OR} Home Page",
  howpublished="\url{http://www.coin-or.org}",
  year=2009
}

@misc{CVXOPT,
    key="CVXOPT",
  title="{CVXOPT} Home Page",
  howpublished="\url{http://abel.ee.ucla.edu/cvxopt}",
  year=2008
}

@misc{NLPy,
    key="NLPy",
  title="{NLPy} Home Page",
  howpublished="\url{http://nlpy.sourceforge.net/}",
  year=2008
}
@misc{GLPK,
    key="GLPK",
  title={{GLPK}: {GNU} Linear Programming Toolkit},
  howpublished="\url{http://www.gnu.org/software/glpk/}",
  year=2009
}

@misc{Pyipopt,
    key="Pyipopt",
  title="{Pyipopt} Home Page",
  howpublished="\url{http://code.google.com/p/pyipopt/}",
  year=2008
}

@misc{PuLP,
    key="PuLP",
  title="{PuLP}: A Python Linear Programming Modeler",
  howpublished="\url{http://130.216.209.237/engsci392/pulp/FrontPage}",
  year=2008
}

@misc{PyMathProg,
    key="PyMathProg",
  title="{PyMathProg} Home Page",
  howpublished="\url{http://pymprog.sourceforge.net/}",
  year=2009
}

@misc{OpenOpt,
    key="OpenOpt",
  title="{OpenOpt} Home Page",
  howpublished="\url{http://scipy.org/scipy/scikits/wiki/OpenOpt}",
  year=2008
}

@Misc{SciPy,
  author =    {Eric Jones and Travis Oliphant and Pearu Peterson and others},
  title =     {{SciPy}: Open source scientific tools for {Python}},
  year =      {2009},
  url = "http://www.scipy.org/"
}

@manual{SAGE,
       Key = {Sage},
       Author = {William Stein},
       Organization = {The Sage~Group},
       Title = {{Sage}: {O}pen {S}ource {M}athematical {S}oftware ({V}ersion 2.10.2)},
       note= {{\tt http://www.sagemath.org}},
       Year = 2008}


@inproceedings{BeaLom97,
    author="D.M. Beazley and P.S. Lomdahl",
    title="Building Flexible Large-Scale Scientific Computing Applications with Scripting Languages", 
    booktitle="Proc. 8th SIAM Conference on Parallel Processing for Scientific Computing",
    year=1997
}

@article{PaiMer04,
    author="Painter, Jay and Merritt, Ethan A.",
    title="{mmLib} {Python} toolkit for manipulating annotated structural models of biological macromolecules",
    journal="J. Applied Crystallography",
    year=2004,
    volume=37,
    pages="174-178"
}

@article{Oli07,
    author="Travis E. Oliphant",
    title="Python for Scientific Computing",
    journal="Computing in Science and Engineering",
    year=2007,
    pages="10-20",
    month="May/June"
}

@misc{TOMLAB,
    key="TOMLAB",
  title="{TOMLAB} Optimization Environment",
  howpublished="\url{http://www.tomopt.com/tomlab}",
  year=2008
}

@misc{ACRO,
    key="ACRO",
  title="{ACRO} Optimization Framework",
  howpublished="\url{http://software.sandia.gov/acro}",
  year=2009
}

@misc{Coopr,
  key="COOPR",
  title={COOPR: A COmmon Optimization Python Repository},
  howpublished="\url{http://software.sandia.gov/coopr}",
  year=2009
}

@misc{PyUtilib,
    key="PyUtilib",
  title="{PyUtilib} Optimization Framework",
  howpublished="\url{http://software.sandia.gov/pyutilib}",
  year=2009
}

@misc{APLEpy,
    key="APLEpy",
  title="{APLEpy}: An Open Source Algebraic Programming Language extension for {P}ython",
  howpublished="\url{http://aplepy.sourceforge.net/}",
  year=2005
}

@article{KurGra07,
    title="A Common Medium for Programming Operations-Research Models",
    author="Suleyman Karabuk and F. Hank Grant",
    journal="IEEE Software",
    year=2007,
    pages="39-47"
}

@article{Marsten,
    author= "Roy E. Marsten", 
    title = "The Design of the {XMP} Linear Programming Library",
    journal = "ACM Transactions on Mathematical Software", 
    volume = 7,
    number =  4, 
    year = 1981,
    pages = "481-497"
}


@article{Geoffrion,
   author = "Arthur M. Geoffrion", 
   title = "An Introduction to Structured Modeling",
   journal = "Management Science", 
   volume =  33, 
   number = 5, 
   year = 1987,
   pages = "547-588"
}

@inproceedings{Har09a,
   author = {{Hart}, W.~E.},
    title = "{Python Optimization Modeling Objects (Pyomo)}",
booktitle = {Operations Research and Cyber-Infrastructure},
     year = 2009,
   editor = {{Chinneck}, J.~W. and {Kristjansson}, B. and {Saltzman}, M.~J.
    },
      doi = {10.1007/978-0-387-88843-9_1},
   adsurl = {http://adsabs.harvard.edu/abs/2009orci.book....3H},
  adsnote = {Provided by the SAO/NASA Astrophysics Data System}
}

@misc{Forrester,
  title="Open Source Software's Expanding Role in the Enterprise",
  year=2007,
  author="Forrester Consulting",
  howpublished="\url{http://www.unisys.com/eprise/main/admin/corporate/doc/Forrester_research-open_source_buying_behaviors.pdf}",
}
  

@article{tratt__dyamically_typed_languages,
  author = "Laurence Tratt",
  title  = "Dynamically Typed Languages",
  journal = "Advances in Computers",
  editor = "Marvin V. Zelkowitz",
  volume = "77",
  year = "2009",
  month = Jul,
  pages = {149-184}
}


@article{621567,
 author = {Prechelt, Lutz},
 title = {An Empirical Comparison of Seven Programming Languages},
 journal = {Computer},
 volume = {33},
 number = {10},
 year = {2000},
 issn = {0018-9162},
 pages = {23--29},
 doi = {http://dx.doi.org/10.1109/2.876288},
 publisher = {IEEE Computer Society Press},
 address = {Los Alamitos, CA, USA},
 }

@article{DDJ,
    author="Gigi Sayfan",
    title="Building Your Own Plugin Framework",
    journal="Dr. Dobbs Journal",
    month="Nov",
    year=2007,
    howpublished="\url{http://www.ddj.com}"
}

@book{Szy98,
  author="C. Szyperski",
  title="Component Software: Beyond Object-Oriented Programming",
  publisher="ACM Press",
  location="New York",
  year=1998
}

@book{bertsimastsitsiklis97,
  author="Dimitris Bertsimas and John N. Tsitsiklis",
  title="Introduction to Linear Optimization",
  publisher="Athena Scientific / Dynamic Ideas",
  location="Massachusetts",
  year=1997
}

@article{NEOS,
  author="Elizabeth D. Dolan and Robert Fourer and Jean-Pierre Goux and Todd S. Munson and Jason Sarich",
  title="Kestrel: An Interface from Optimization Modeling Systems to the {NEOS} Server",
  journal="{INFORMS} Journal on Computing",
  volume=20,
  number=4,
  year=2008,
  pages="525-538"
}

@article{epa-interfaces,
    author="William E. Hart and Cynthia A. Phillips and Jonathan Berry and E.G. Boman and others",
    title="{US} Environmental Protection Agency Uses Operations Research to Reduce Contamination Risks in Drinking Water",
    journal="{INFORMS} Interfaces",
    volume={39},
    issue={1},
    pages={57--68},
    year={2009}
}

@techreport{Mez94,
  author="Meza, J. C.",
  title="{OPT++}: An object-oriented class library for nonlinear optimization",
  institution="Sandia National Laboratories",
  number="SAND94-8225",
  year=1994
}
@book{MATLAB,
    author="{MATLAB}",
    title="User's Guide",
    publisher="The MathWorks, Inc.",
    year=1992
}
@phdthesis{Zah95,
    author="J. J. Zaher",
    title="Conditional Modeling",
    school="Carnegie Mellon University",
    year=1995
}
@phdthesis{Mun00,
    author="Todd S. Munson",
    title="Algorithms and Environments for Complementarity",
    school="University of Wisconsin, Madison",
    year=2000
}
@inproceedings{Lof04,
    author="Johan L{\"o}fberg",
    title="{YALMIP}: A toolbox for modeling and optimization in {MATLAB}",
    booktitle="2004 IEEE Intl Symp on Computer Aided Control Systems Design",
    year=2004
}


@book{HarLaiWatWoo12,
  author="Hart, William E. and Laird, Carl and Watson, J.-P. and Woodruff,     David L.",
  title="Pyomo: Optimization Modeling in Python",
  publisher="Springer",
  year=2012,
  funding={MICS},
  wwwurl="http://www.springer.com/mathematics/book/978-1-4614-3225-8"
}

@article{HarWatWoo11,
    author="William E. Hart and Jean-Paul Watson and David L. Woodruff",
    title="Pyomo: Modeling and solving mathematical programs in {Python}",
    volume=3,
    number=3,
    year=2011,
    sand="2010-1234",
    funding={ASCR,LDRD},
    journal="Mathematical Programming Computation"
}

@misc{MacMPEC,
    key="MacMPEC",
  title="{MacMPEC}: {AMPL} collection of {MPECs}",
  howpublished="\url{http://www.mcs.anl.gov/~leyffer/MacMPEC/}",
  year=2000
}

@misc{pyomo.data,
    key="pyomo.data",
  title="{pyomo.data}: Models and examples for Pyomo",
  howpublished="\url{https://software.sandia.gov/svn/public/pyomo/pyomo.data}",
  year=2015
}

@misc{pyomotrac,
  key="Pyomo Software",
  title="Pyomo Software Trac Site",
  howpublished="\url{https://software.sandia.gov/svn/public/pyomo/}",
  year=2015
}

@misc{pyomoweb,
  key="Pyomo Home",
  title="Pyomo Home Page",
  howpublished="\url{https://www.pyomo.org}",
  year=2015
}

@techreport{PyomoGDP,
    author="John D. Siirola",
    title="Modeling Generalized Disjunctive Programs in Pyomo",
    year=2015,
    institution="Sandia National Laboratories",
    note="(in preparation)"
}
@misc{COUENNE,
  key="COUENNE",
  title="Couenne Home Page",
  howpublished="\url{http://www.coin-or.org/Couenne/}",
  year=2015
}
@techreport{PyomoMPEC,
    author="William E. Hart and John D. Siirola",
    title="Modeling Mathematical Programs with Equilibrium Constraints in Pyomo",
    year=2015,
    institution="Sandia National Laboratories",
    number="SAND2015-5584",
    month="July"
}
    
@incollection{FerDirMee05,
    author="Michael C. Ferris and Steven P. Dirkse and A. Meeraus",
    title="Mathematical Programs with Equilibrium Constraints: Automatic Reformulation and        Solution via Constrained Optimization",
    booktitle="Frontiers in Applied General Equilibrium Modeling",
    pages="67-93",
    editor="T. J. Kehoe and T. N. Srinivasan and J. Whalley",
    publisher="Cambridge University Press",
    year=2005
}

